@report{articles:blas-performance,
author = {Kazushige Goto and Robert van de Geijn},
title = {High-Performance Implementation of the Level-3 BLAS},
type = {FLAME Working Note 20},
institution = {The University of Texas at Austin},
year = {2006},
}


@misc{wiki:runge-kutta,
author = "{Wikipedia contributors}",
title = "Runge–Kutta methods --- {Wikipedia}{,} The Free Encyclopedia",
year = "2018",
url = "https://en.wikipedia.org/w/index.php?title=Runge%E2%80%93Kutta_methods&oldid=866837125",
note = "[Online; accessed 10-November-2018]"
}
  
  
@article{netlib:lapack-1,
author = {E. Anderson and J. J. Dongarra},
title = {Evaluating Block Algorithm Variants in LAPACK},
journaltitle = {UT, CS-90-103},
year = {1990}
}
  
  
@online{netlib:lapack-scalapack-general-view,
title = {Intel Math Kernel Library Documentation, Overview of ScaLAPACK Routines},
year = {2017},
url = {https://software.intel.com/en-us/mkl-developer-reference-c-overview-of-scalapack-routines}
}


@article{sparse-la:gmrese-origin,
author = {Youcef Saad and Martin H. Schultz},
title = {GMRES: A Generalized Minimal Residual Algorithm For Solving Nonsymmetric Linear Systems},
journaltitle = {SIAM Journal on Scientific and Statistical Computing},
year = {1986}
}
 
 
@article{sparse-la:triangular-solve,
author = {Mahesh V. Joshi and Anshul Guptam and George Karypis and Vipin Kumar},
title = {A High Performance Two Dimensional Scalable Parallel Algorithm for Solving Sparse Triangular Systems},
journaltitle = {IEEE Xplore},
year = {1998}
}


@article{sparse-la:cg,
author = {Jeffrey Cornelis and Siegfried Cools† and Wim Vanroose},
title = {The Communication-hiding Conjugate Gradient Method with Deep Pipelines},
journaltitle = {arXiv:1801.04728 [cs.DC]},
year = {2018}
}
 

@article{wsmp,
author = {Anshul Gupta and Seid Koric and Thomas George},
title = {Sparse matrix factorization on massively parallel computers},
journaltitle = {IEEE Xplore},
year = {2009},
}


@online{netlib-overview,
title = {Netlib Frequently Asked Questions},
year = {2006},
url = {http://www.netlib.org/misc/faq.html#2.1},
}

